@article{ma2006efficient,
  title={Efficient semiparametric estimator for heteroscedastic partially linear models},
  author={Ma, Yanyuan and Chiou, Jeng-Min and Wang, Naisyin},
  journal={Biometrika},
  volume={93},
  number={1},
  pages={75--84},
  year={2006},
  publisher={Biometrika Trust}
}

@article{ma2013doubly,
  title={Doubly robust and efficient estimators for heteroscedastic partially linear single-index models allowing high dimensional covariates},
  author={Ma, Yanyuan and Zhu, Liping},
  journal={Journal of the Royal Statistical Society: Series B (Statistical Methodology)},
  volume={75},
  number={2},
  pages={305--322},
  year={2013},
  publisher={Wiley Online Library}
}

@article{blight1975bayesian,
  title={A Bayesian approach to model inadequacy for polynomial regression},
  author={Blight, BJN and Ott, L},
  journal={Biometrika},
  volume={62},
  number={1},
  pages={79--88},
  year={1975},
  publisher={Biometrika Trust}
}


@article{schafer2015framework,
  title={A Framework for Statistical Inference in Astrophysics},
  author={Schafer, Chad M},
  journal={Annual Review of Statistics and Its Application},
  volume={2},
  pages={141--162},
  year={2015},
  publisher={Annual Reviews}
}

@book{rasmussen2006gaussian,
  title={Gaussian processes for machine learning, vol. 1},
  author={Rasmussen, C and Williams, C},
  year={2006},
  publisher={MIT, Cambridge, MA}
}

@article{zechmeister2009generalised,
  title={The generalised Lomb-Scargle periodogram-A new formalism for the floating-mean and Keplerian periodograms},
  author={Zechmeister, M and K{\"u}rster, M},
  journal={Astronomy \& Astrophysics},
  volume={496},
  number={2},
  pages={577--584},
  year={2009},
  publisher={EDP Sciences}
}

@article{faraway2014modeling,
  title={Modeling Light Curves for Improved Classification},
  author={Faraway, Julian and Mahabal, Ashish and Sun, Jiayang and Wang, Xiaofeng and Zhang, Lingsong and others},
  journal={arXiv preprint arXiv:1401.3211},
  year={2014}
}

@phdthesis{reimann1994frequency,
  title={Frequency estimation using unequally-spaced astronomical data},
  author={Reimann, James Dennis},
  year={1994},
  school={UNIVERSITY of CALIFORNIA at BERKELEY}
}

@article{long2014estimating,
  title={Estimating a Common Period for a Set of Irregularly Sampled Functions with Applications to Periodic Variable Star Data},
  author={Long, James P and Chi, Eric C and Baraniuk, Richard G},
  journal={arXiv preprint arXiv:1412.6520},
  year={2014}
}




@article{suveges2012search,
  title={Search for high-amplitude $\delta$ Scuti and RR Lyrae stars in Sloan Digital Sky Survey Stripe 82 using principal component analysis},
  author={S{\"u}veges, M and Sesar, B and V{\'a}radi, M and Mowlavi, N and Becker, AC and Ivezi{\'c}, {\v{Z}} and Beck, M and Nienartowicz, K and Rimoldini, L and Dubath, P and others},
  journal={Monthly Notices of the Royal Astronomical Society},
  volume={424},
  number={4},
  pages={2528--2550},
  year={2012},
  publisher={Wiley Online Library}
}

@incollection{suveges2012efficient,
  title={Efficient use of simultaneous multi-band observations for variable star analysis},
  author={S{\"u}veges, Maria and Bartholdi, Paul and Becker, Andrew and Ivezi{\'c}, {\v{Z}}eljko and Beck, Mathias and Eyer, Laurent},
  booktitle={Astrostatistics and Data Mining},
  pages={253--261},
  year={2012},
  publisher={Springer}
}

@article{yoachim2009panoply,
  title={A Panoply of Cepheid Light Curve Templates},
  author={Yoachim, Peter and McCommas, Les P and Dalcanton, Julianne J and Williams, Benjamin F},
  journal={The Astronomical Journal},
  volume={137},
  number={6},
  pages={4697},
  year={2009},
  publisher={IOP Publishing}
}

@article{tanvir2005determination,
  title={Determination of Cepheid parameters by light-curve template fitting},
  author={Tanvir, Nial R and Hendry, MA and Watkins, A and Kanbur, SM and Berdnikov, LN and Ngeow, CC},
  journal={Monthly Notices of the Royal Astronomical Society},
  volume={363},
  number={3},
  pages={749--762},
  year={2005},
  publisher={Wiley Online Library}
}

@article{mccommas2009acs,
  title={The ACS Nearby Galaxy Survey Treasury. III. Cepheids in the Outer Disk of M81},
  author={McCommas, Les P and Yoachim, Peter and Williams, Benjamin F and Dalcanton, Julianne J and Davis, Matthew R and Dolphin, Andrew E},
  journal={The Astronomical Journal},
  volume={137},
  number={6},
  pages={4707},
  year={2009},
  publisher={IOP Publishing}
}

@article{scargle1982studies,
  title={Studies in astronomical time series analysis. II-Statistical aspects of spectral analysis of unevenly spaced data},
  author={Scargle, Jeffrey D},
  journal={The Astrophysical Journal},
  volume={263},
  pages={835--853},
  year={1982}
}

@article{lomb1976least,
  title={Least-squares frequency analysis of unequally spaced data},
  author={Lomb, Nick R},
  journal={Astrophysics and space science},
  volume={39},
  number={2},
  pages={447--462},
  year={1976},
  publisher={Springer}
}

@article{long2013berkson,
   author = {J. Long},
   title = {Kernel Density Estimation with Berkson Error},
   year = {2013},
   publisher = {Preprint}
}



@book{wand1995kernel,
  title={Kernel smoothing},
  author={Wand, Matt P and Jones, M Chris},
  volume={60},
  year={1995},
  publisher={Chapman \& Hall/CRC}
}


@book{breiman1984classification,
  title={Classification and regression trees},
  author={Breiman, Leo and Friedman, Jerome and Stone, Charles J and Olshen, Richard A},
  year={1984},
  publisher={Chapman \& Hall/CRC}
}

@article{blomme2011tres,
	Author = {J. Blomme and L.M. Sarro and F.T. O'Donovan and J. Debosscher and T. Brown and M. Lopez and P. Dubath and L. Rimoldini and D. Charbonneau and E. Dunham and G. Mandushev and D.R. Ciardi and J. De Ridder and C. Aerts},
	Journal = {arXiv:1101.5038v1},
	Title = {Improved methodology for the automated classification of periodic variable stars},
	Year = {2011}}


@inproceedings{2008AIPC.1082..257E,
	Adsnote = {Provided by the SAO/NASA Astrophysics Data System},
	Adsurl = {http://adsabs.harvard.edu/abs/2008AIPC.1082..257E},
	Archiveprefix = {arXiv},
	Author = {{Eyer}, L. and {Jan}, A. and {Dubath}, P. and {Nienartovicz}, K. and {Blomme}, J. and {Debosscher}, J. and {De Ridder}, J. and {Lopez}, M. and {Sarro}, L.},
	Booktitle = {American Institute of Physics Conference Series},
	Doi = {10.1063/1.3059058},
	Editor = {{C.~A.~L.~Bailer-Jones}},
	Eprint = {0901.2835},
	Keywords = {Astronomical catalogs, atlases, sky surveys, databases, retrieval systems, archives, etc., Quasars, Variable and peculiar stars},
	Month = dec,
	Pages = {257-262},
	Primaryclass = {astro-ph.IM},
	Series = {American Institute of Physics Conference Series},
	Title = {{Variability type classification of multi-epoch surveys}},
	Volume = 1082,
	Year = 2008,
	Bdsk-Url-1 = {http://dx.doi.org/10.1063/1.3059058}}

@inproceedings{globerson2006nightmare,
  title={Nightmare at test time: robust learning by feature deletion},
  author={Globerson, Amir and Roweis, Sam},
  booktitle={Proceedings of the 23rd international conference on Machine learning},
  pages={353--360},
  year={2006},
  organization={ACM}
}

@inproceedings{starr2010map,
  title={A Map/Reduce Parallelized Framework for Rapidly Classifying Astrophysical Transients},
  author={Starr, D.L. and Bloom, J.S. and Brewer, J.M. and Butler, NR and Klein, C.},
  booktitle={Astronomical Data Analysis Software and Systems XIX},
  volume={434},
  pages={406},
  year={2010}
}

@article{scott1992multivariate,
  title={Multivariate density estimation},
  author={Scott, David W},
  journal={Multivariate Density Estimation, Wiley, New York, 1992},
  volume={1},
  year={1992}
}


@article{delaigle2006nonparametric,
  title={Nonparametric methods for solving the Berkson errors-in-variables problem},
  author={Delaigle, Aurore and Hall, Peter and Qiu, Peihua},
  journal={Journal of the Royal Statistical Society: Series B (Statistical Methodology)},
  volume={68},
  number={2},
  pages={201--220},
  year={2006},
  publisher={Wiley Online Library}
}




@article{long2012classification,
  title={Classification of Poorly Time Sampled Light Curves of Periodic Variable Stars},
  author={Long, J.P. and Bloom, J.S. and Karoui, N.E. and Rice, J. and Richards, J.W.},
  journal={Astrostatistics and Data Mining},
  pages={163--171},
  year={2012},
  publisher={Springer}
}

@article{long2012optimizing,
  title={Optimizing Automated Classification of Variable Stars in New Synoptic Surveys},
  author={Long, J.P. and El Karoui, N. and Rice, J.A. and Richards, J.W. and Bloom, J.S.},
  journal={Publications of the Astronomical Society of the Pacific},
  volume={124},
  number={913},
  pages={280--295},
  year={2012},
  publisher={JSTOR}
}

@article{dubath2011random,
  title={Random forest automated supervised classification of Hipparcos periodic variable stars},
  author={Dubath, P. and Rimoldini, L. and S{\"u}veges, M. and Blomme, J. and L{\'o}pez, M. and Sarro, LM and De Ridder, J. and Cuypers, J. and Guy, L. and Lecoeur, I. and others},
  journal={Monthly Notices of the Royal Astronomical Society},
  volume={414},
  number={3},
  pages={2602--2617},
  year={2011},
  publisher={Wiley Online Library}
}
@article{kind2012tpz,
  title={TPZ: Photometric redshift PDFs and ancillary information by using prediction trees and random forests},
  author={Kind, M.C. and Brunner, R.J.},
  year={2012}
}

@inproceedings{jordi2006photometry,
  title={Photometry with GAIA},
  author={Jordi, C. and Carrasco, JM},
  booktitle={ASTRONOMICAL SOCIETY OF THE PACIFIC CONFERENCE SERIES},
  volume={364},
  pages={215},
  year={2006},
  organization={ASP; 1999}
}

@article{shi2008daytime,
  title={Daytime arctic cloud detection based on multi-angle satellite data with case studies},
  author={Shi, T. and Yu, B. and Clothiaux, E.E. and Braverman, A.J.},
  journal={Journal of the American Statistical Association},
  volume={103},
  number={482},
  pages={584--593},
  year={2008},
  publisher={Taylor \& Francis}
}

%% hogg on galaxy vs. star classification
@article{fadely2012star,
  title={Star-Galaxy Classification in Multi-Band Optical Imaging},
  author={Fadely, R. and Hogg, D.W. and Willman, B.},
  journal={arXiv preprint arXiv:1206.4306},
  year={2012}
}



%% joey's article using ML
@article{richards2011machine,
  title={On Machine-Learned Classification of Variable Stars with Sparse and Noisy Time-Series Data},
  author={Richards, J.W. and Starr, D.L. and Butler, N.R. and Bloom, J.S. and Brewer, J.M. and Crellin-Quick, A. and Higgins, J. and Kennedy, R. and Rischard, M.},
  journal={The Astrophysical Journal},
  volume={733},
  pages={10},
  year={2011},
  publisher={IOP Publishing}
}

%% automated classification of light curves using ML
@article{mahabal2008automated,
  title={Automated probabilistic classification of transients and variables},
  author={Mahabal, A. and Djorgovski, SG and Turmon, M. and Jewell, J. and Williams, RR and Drake, AJ and Graham, MG and Donalek, C. and Glikman, E.},
  journal={Astronomische Nachrichten},
  volume={329},
  number={3},
  pages={288--291},
  year={2008},
  publisher={Wiley Online Library}
}



@inproceedings{eyer2000predictions,
  title={Predictions on the Number of Variable Stars for the GAIA Space Mission and for Surveys such as the Ground-Based International Liquid Mirror Telescope},
  author={Eyer, L. and Cuypers, J.},
  booktitle={IAU Colloq. 176: The Impact of Large-Scale Surveys on Pulsating Star Research},
  volume={203},
  pages={71--72},
  year={2000}
}


@article{borne2007data,
  title={Data Mining Research with the LSST},
  author={Borne, K.D. and Strauss, MA and Tyson, JA},
  journal={BULLETIN-AMERICAN ASTRONOMICAL SOCIETY},
  volume={39},
  number={4},
  pages={137},
  year={2007},
  publisher={AAS; 1999}
}



@article{debosscher2007automated,
  title={{Automated supervised classification of variable stars}},
  author={Debosscher, J. and Sarro, LM and Aerts, C. and Cuypers, J. and Vandenbussche, B. and Garrido, R. and Solano, E.},
  journal={Astronomy and Astrophysics},
  volume={475},
  number={3},
  pages={1159--1183},
  year={2007},
  publisher={edpsciences. org}
}


@article{eyer2005automated,
  title={Automated classification of variable stars for All-Sky Automated Survey 1--2 data},
  author={Eyer, L. and Blake, C.},
  journal={Monthly Notices of the Royal Astronomical Society},
  volume={358},
  number={1},
  pages={30--38},
  year={2005},
  publisher={Wiley Online Library}
}


@book{hastie2009elements,
  title={The elements of statistical learning: data mining, inference, and prediction},
  author={Hastie, T. and Tibshirani, R. and Friedman, J.H.},
  year={2009},
  publisher={Springer Verlag}
}


@article{delaigle2007nonparametric,
  title={Nonparametric density estimation from data with a mixture of Berkson and classical errors},
  author={Delaigle, Aurore},
  journal={Canadian Journal of Statistics},
  volume={35},
  number={1},
  pages={89--104},
  year={2007},
  publisher={Wiley Online Library}
}

@article{carroll2009nonparametric,
  title={{Nonparametric prediction in measurement error models}},
  author={Carroll, R.J. and Delaigle, A. and Hall, P.},
  journal={Journal of the American Statistical Association},
  volume={104},
  number={487},
  pages={993--1003},
  issn={0162-1459},
  year={2009},
  publisher={ASA}
}

@inproceedings{dekel2008learning,
  title={Learning to classify with missing and corrupted features},
  author={Dekel, O. and Shamir, O.},
  booktitle={Proceedings of the 25th international conference on Machine learning},
  pages={216--223},
  year={2008},
  organization={ACM}
}

@article{breiman2003manual,
  title={Manual on setting up, using, and understanding random forests v3. 1},
  author={Breiman, L.},
  journal={Downloaded from $\{$http://www. stat. berkeley. edu/b?` reiman/RandomForests/cc\_manual. htm$\}$},
  year={2003}
}


@article{el2003robust,
  title={{Robust classification with interval data}},
  author={El Ghaoui, L. and Lanckriet, G.R.G. and Natsoulis, G.},
  journal={Computer},
  year={2003}
}

@article{benchance,
  title={{Chance Constrained Uncertain Classification via Robust Optimization}},
  author={Ben-Tal, A. and Bhadra, S. and Bhattacharyya, C. and Nath, J.S.}
}



@article{quinlan1986effect,
  title={{The effect of noise on concept learning}},
  author={Quinlan, J.R.},
  journal={Machine learning: An artificial intelligence approach},
  volume={2},
  pages={149--166},
  year={1986}
}

@article{zhu2004class,
  title={Class noise vs. attribute noise: A quantitative study},
  author={Zhu, X. and Wu, X.},
  journal={Artificial Intelligence Review},
  volume={22},
  number={3},
  pages={177--210},
  year={2004},
  publisher={Springer}
}



@article{schwarzenberg1996fast,
  title={Fast and statistically optimal period search in uneven sampled observations},
  author={Schwarzenberg-Czerny, A},
  journal={The Astrophysical Journal Letters},
  volume={460},
  number={2},
  pages={L107},
  year={1996},
  publisher={IOP Publishing}
}

@article{kovacs2002box,
  title={A box-fitting algorithm in the search for periodic transits},
  author={Kov{\'a}cs, Geza and Zucker, Shay and Mazeh, Tsevi},
  journal={Astronomy \& Astrophysics},
  volume={391},
  number={1},
  pages={369--377},
  year={2002},
  publisher={EDP Sciences}
}

@article{richards2012prototype,
  title={Prototype selection for parameter estimation in complex models},
  author={Richards, Joseph W and Lee, Ann B and Schafer, Chad M and Freeman, Peter E and others},
  journal={The Annals of Applied Statistics},
  volume={6},
  number={1},
  pages={383--408},
  year={2012},
  publisher={Institute of Mathematical Statistics}
}


@techreport{friedman1984variable,
  title={A variable span smoother},
  author={Friedman, Jerome H},
  year={1984},
  institution={DTIC Document}
}

@ARTICLE{ivezic2007sloan,
  author = {Ivezi{\'c}, {\v{Z}}eljko and Smith, J Allyn and Miknaitis, Gajus
	and Lin, Huan and Tucker, Douglas and Lupton, Robert H and Gunn,
	James E and Knapp, Gillian R and Strauss, Michael A and Sesar, Branimir
	and others},
  title = {Sloan digital sky survey standard star catalog for stripe 82: The
	dawn of industrial 1\% optical photometry},
  journal = {The Astronomical Journal},
  year = {2007},
  volume = {134},
  pages = {973},
  number = {3},
  publisher = {IOP Publishing}
}


@article{ivezic2007sloan,
  title={Sloan digital sky survey standard star catalog for stripe 82: The dawn of industrial 1\% optical photometry},
  author={Ivezi{\'c}, {\v{Z}}eljko and Smith, J Allyn and Miknaitis, Gajus and Lin, Huan and Tucker, Douglas and Lupton, Robert H and Gunn, James E and Knapp, Gillian R and Strauss, Michael A and Sesar, Branimir and others},
  journal={The Astronomical Journal},
  volume={134},
  number={3},
  pages={973},
  year={2007},
  publisher={IOP Publishing}
}

@ARTICLE{sesar2007exploring,
  author = {Sesar, Branimir and Ivezi{\'c}, {\v{Z}}eljko and Lupton, Robert H
	and Juri{\'c}, Mario and Gunn, James E and Knapp, Gillian R and De
	Lee, Nathan and Smith, J Allyn and Miknaitis, Gajus and Lin, Huan
	and others},
  title = {Exploring the variable sky with the Sloan Digital Sky Survey},
  journal = {The Astronomical Journal},
  year = {2007},
  volume = {134},
  pages = {2236},
  number = {6},
  publisher = {IOP Publishing}
}


@article{sesar2010light,
  title={Light Curve Templates and Galactic Distribution of RR Lyrae Stars from Sloan Digital Sky Survey Stripe 82},
  author={Sesar, Branimir and Ivezi{\'c}, {\v{Z}}eljko and Grammer, Skyler H and Morgan, Dylan P and Becker, Andrew C and Juri{\'c}, Mario and De Lee, Nathan and Annis, James and Beers, Timothy C and Fan, Xiaohui and others},
  journal={The Astrophysical Journal},
  volume={708},
  number={1},
  pages={717},
  year={2010},
  publisher={IOP Publishing}
}

@article{kelly2007some,
  title={Some aspects of measurement error in linear regression of astronomical data},
  author={Kelly, Brandon C},
  journal={The Astrophysical Journal},
  volume={665},
  number={2},
  pages={1489},
  year={2007},
  publisher={IOP Publishing}
}

@article{salmon2015relation,
  title={The Relation between Star Formation Rate and Stellar Mass for Galaxies at 3.5≤ z≤ 6.5 in CANDELS},
  author={Salmon, Brett and Papovich, Casey and Finkelstein, Steven L and Tilvi, Vithal and Finlator, Kristian and Behroozi, Peter and Dahlen, Tomas and Dav{\'e}, Romeel and Dekel, Avishai and Dickinson, Mark and others},
  journal={The Astrophysical Journal},
  volume={799},
  number={2},
  pages={183},
  year={2015},
  publisher={IOP Publishing}
}

@article{sanders2015toward,
  title={Toward Characterization of the Type IIP Supernova Progenitor Population: A Statistical Sample of Light Curves from Pan-STARRS1},
  author={Sanders, NE and Soderberg, AM and Gezari, S and Betancourt, M and Chornock, R and Berger, E and Foley, RJ and Challis, P and Drout, M and Kirshner, RP and others},
  journal={The Astrophysical Journal},
  volume={799},
  number={2},
  pages={208},
  year={2015},
  publisher={IOP Publishing}
}

@article{udalski2008optical,
  title={The Optical Gravitational Lensing Experiment. Final Reductions of the OGLE-III Data},
  author={Udalski, A and Szymanski, MK and Soszynski, I and Poleski, R},
  journal={Acta Astronomica},
  volume={58},
  pages={69--87},
  year={2008}
}

@article{carroll1982adapting,
  title={Adapting for heteroscedasticity in linear models},
  author={Carroll, Raymond J},
  journal={The Annals of Statistics},
  pages={1224--1233},
  year={1982},
  publisher={JSTOR}
}

@article{carroll1988asymptotic,
  title={An asymptotic theory for weighted least-squares with weights estimated by replication},
  author={Carroll, Raymond J and Cline, Daren BH},
  journal={Biometrika},
  volume={75},
  number={1},
  pages={35--43},
  year={1988},
  publisher={Biometrika Trust}
}

@article{kennedy2001bayesian,
  title={Bayesian calibration of computer models},
  author={Kennedy, Marc C and O'Hagan, Anthony},
  journal={Journal of the Royal Statistical Society. Series B, Statistical Methodology},
  pages={425--464},
  year={2001},
  publisher={JSTOR}
}

@article{gutierrez1998aspects,
  title={Aspects of smoothing and model inadequacy in generalized regression},
  author={Gutierrez-Pena, E and Smith, AFM},
  journal={Journal of statistical planning and inference},
  volume={67},
  number={2},
  pages={273--286},
  year={1998},
  publisher={Elsevier}
}

@article{white1980using,
  title={Using least squares to approximate unknown regression functions},
  author={White, Halbert},
  journal={International Economic Review},
  pages={149--170},
  year={1980},
  publisher={JSTOR}
}

@article{white1981consequences,
  title={Consequences and detection of misspecified nonlinear regression models},
  author={White, Halbert},
  journal={Journal of the American Statistical Association},
  volume={76},
  number={374},
  pages={419--433},
  year={1981},
  publisher={Taylor \& Francis}
}

@ARTICLE{riess20113,
  author = {Riess, Adam G and Macri, Lucas and Casertano, Stefano and Lampeitl,
	Hubert and Ferguson, Henry C and Filippenko, Alexei V and Jha, Saurabh
	W and Li, Weidong and Chornock, Ryan},
  title = {A 3\% solution: determination of the Hubble constant with the Hubble
	Space Telescope and Wide Field Camera 3},
  journal = {The Astrophysical Journal},
  year = {2011},
  volume = {730},
  pages = {119},
  number = {2},
  publisher = {IOP Publishing}
}


@ARTICLE{shappee2011new,
  author = {Shappee, Benjamin J and Stanek, KZ},
  title = {A new Cepheid distance to the giant spiral M101 based on image subtraction
	of Hubble Space Telescope/Advanced Camera for Surveys observations},
  journal = {The Astrophysical Journal},
  year = {2011},
  volume = {733},
  pages = {124},
  number = {2},
  publisher = {IOP Publishing}
}

@article{blight1975bayesian,
  title={A Bayesian approach to model inadequacy for polynomial regression},
  author={Blight, BJN and Ott, L},
  journal={Biometrika},
  volume={62},
  number={1},
  pages={79--88},
  year={1975},
  publisher={Biometrika Trust}
}

@book{durrett2010probability,
  title={Probability: theory and examples},
  author={Durrett, Rick},
  year={2010},
  publisher={Cambridge university press}
}


@article{mondrik2015multiband,
  title={A Multiband Generalization of the Multiharmonic Analysis of Variance Period Estimation Algorithm and the Effect of Inter-band Observing Cadence on Period Recovery Rate},
  author={Mondrik, N and Long, JP and Marshall, JL},
  journal={The Astrophysical Journal Letters},
  volume={811},
  number={2},
  pages={L34},
  year={2015},
  publisher={IOP Publishing}
}

@article{long2014estimating,
  title={Estimating a Common Period for a Set of Irregularly Sampled Functions with Applications to Periodic Variable Star Data},
  author={Long, James P and Chi, Eric C and Baraniuk, Richard G},
  journal={arXiv preprint arXiv:1412.6520},
  year={2014}
}

@ARTICLE{vanderplas2015periodograms,
  author = {VanderPlas, Jacob T. and Ivezic, Zeljko},
  title = {Periodograms for Multiband Astronomical Time Series},
  journal = {arXiv preprint arXiv:1502.01344},
  year = {2015}
}
