@article{baker2015charting,
  title={Charting Unexplored Dwarf Galaxy Territory With RR Lyrae},
  author={Baker, Mariah and Willman, Beth},
  journal={The Astronomical Journal},
  volume={150},
  number={5},
  pages={160},
  year={2015},
  publisher={IOP Publishing}
}


@article{kauffmann1993formation,
  title={The formation and evolution of galaxies within merging dark matter haloes},
  author={Kauffmann, G and White, Simon DM and Guiderdoni, B},
  journal={Monthly Notices of the Royal Astronomical Society},
  volume={264},
  number={1},
  pages={201--218},
  year={1993},
  publisher={Oxford University Press}
}

@article{klypin1999missing,
  title={Where are the missing galactic satellites?},
  author={Klypin, Anatoly and Kravtsov, Andrey V and Valenzuela, Octavio and Prada, Francisco},
  journal={The Astrophysical Journal},
  volume={522},
  number={1},
  pages={82},
  year={1999},
  publisher={IOP Publishing}
}

@article{moore1999dark,
  title={Dark matter substructure within galactic halos},
  author={Moore, Ben and Ghigna, Sebastiano and Governato, Fabio and Lake, George and Quinn, Thomas and Stadel, Joachim and Tozzi, Paolo},
  journal={The Astrophysical Journal Letters},
  volume={524},
  number={1},
  pages={L19},
  year={1999},
  publisher={IOP Publishing}
}


@BOOK{Smith:2012qr,
	title = {{B}ook {T}itle},
	publisher = {Publisher},
	author = {Smith, J.~M. and Jones, A.~B.},
	year = {2012},
	edition = {7th},
}

@ARTICLE{Smith:2013jd,
	author = {Jones, A.~B. and Smith, J.~M.},
	title = {{A}rticle {T}itle},
	journal = {Journal title},
	year = {2013},
	volume = {13},
	pages = {123-456},
	number = {52},
	month = {March},
	publisher = {Publisher}
}